<record><leader>00000cas a2200000 a 4500</leader><controlfield tag="001">12782787</controlfield><controlfield tag="008">851112d19011909ksuwr ne      0    0eng d</controlfield><datafield ind1=" " ind2=" " tag="010"><subfield code="a">sn 85032636 </subfield></datafield><datafield ind1=" " ind2=" " tag="040"><subfield code="a">KSH</subfield><subfield code="b">eng</subfield><subfield code="c">KSH</subfield><subfield code="d">NPT</subfield><subfield code="d">OCL</subfield><subfield code="d">OCLCQ</subfield></datafield><datafield ind1=" " ind2=" " tag="042"><subfield code="a">msc</subfield></datafield><datafield ind1="0" ind2="0" tag="245"><subfield code="a">Wabaunsee County tribune.</subfield></datafield><datafield ind1=" " ind2=" " tag="260"><subfield code="a">Eskridge, Kan. :</subfield><subfield code="b">A.B. Hartman,</subfield><subfield code="c">1901-1909.</subfield></datafield><datafield ind1=" " ind2=" " tag="300"><subfield code="a">8 v. :</subfield><subfield code="b">ill. ;</subfield><subfield code="c">55 cm.</subfield></datafield><datafield ind1=" " ind2=" " tag="310"><subfield code="a">Weekly</subfield></datafield><datafield ind1="0" ind2=" " tag="362"><subfield code="a">Vol. 2, no. 11 (Oct. 26, 1901)-v. 9, no. 26 (Feb. 4, 1909).</subfield></datafield><datafield ind1=" " ind2=" " tag="500"><subfield code="a">Published by: Seaman &amp; Carroll, July 18, 1902-Oct. 28, 1904; The Tribune Pub. Co., Seaman &amp; Carroll, Nov. 11, 1904-Feb. 3, 1905; The Tribune Pub. Co., Feb. 10, 1905-Feb. 1909.</subfield></datafield><datafield ind1=" " ind2=" " tag="515"><subfield code="a">Numbering is irregular.</subfield></datafield><datafield ind1=" " ind2=" " tag="525"><subfield code="a">Supplements included.</subfield></datafield><datafield ind1=" " ind2=" " tag="752"><subfield code="a">United States</subfield><subfield code="b">Kansas</subfield><subfield code="c">Wabaunsee</subfield><subfield code="d">Eskridge.</subfield></datafield><datafield ind1="0" ind2="0" tag="780"><subfield code="t">Eskridge tribune</subfield><subfield code="w">(DLC)sn 85032635</subfield></datafield><datafield ind1="0" ind2="7" tag="785"><subfield code="t">Eskridge star</subfield><subfield code="w">(DLC)sn 85032637</subfield></datafield><datafield ind1="0" ind2="7" tag="785"><subfield code="t">Eskridge tribune-star</subfield><subfield code="w">(DLC)sn 85032638</subfield></datafield><datafield ind1="1" ind2=" " tag="029"><subfield code="a">AU@</subfield><subfield code="b">000022166554</subfield></datafield></record>